@inproceedings{chan2003random,
  title={Random key predistribution schemes for sensor networks},
  author={Chan, Haowen and Perrig, Adrian and Song, Dawn},
  booktitle={Security and Privacy, 2003. Proceedings. 2003 Symposium on},
  pages={197--213},
  year={2003},
  organization={IEEE}
}
@INPROCEEDINGS{1354530,
author={Wenliang Du and Jing Deng and Han, Y.S. and Shigang Chen and Varshney, P.K.},
booktitle={INFOCOM 2004. Twenty-third AnnualJoint Conference of the IEEE Computer and Communications Societies},
title={A key management scheme for wireless sensor networks using deployment knowledge},
year={2004},
month={March},
volume={1},
pages={-597},
keywords={message authentication;public key cryptography;telecommunication network management;wireless sensor networks;Diffie-Hellman scheme;deployment knowledge;encryption;public-key management;random key pre-distribution scheme;wireless sensor networks;Computer network management;Computer science;Cryptography;Information security;Intelligent sensors;Knowledge management;Patient monitoring;Public key;Resilience;Wireless sensor networks},
doi={10.1109/INFCOM.2004.1354530},
ISSN={0743-166X},}
@article{du2005pairwise,
  title={A pairwise key predistribution scheme for wireless sensor networks},
  author={Du, Wenliang and Deng, Jing and Han, Yunghsiang S and Varshney, Pramod K and Katz, Jonathan and Khalili, Aram},
  journal={ACM Transactions on Information and System Security (TISSEC)},
  volume={8},}
@article{alagheband2012dynamic,
  title={Dynamic and secure key management model for hierarchical heterogeneous sensor networks},
  author={Alagheband, Mahdi R and Aref, Mohammad Reza},
  journal={IET Information Security},
  volume={6},
  number={4},
  pages={271--280},
  year={2012},
  publisher={IET}
}
@INPROCEEDINGS{4225002,
author={I-Hsun Chuang and Wei-Tsung Su and Chun-Yi Wu and Jang-Pong Hsu and Yau-Hwang Kuo},
booktitle={Wireless Communications and Networking Conference, 2007.WCNC 2007. IEEE},
title={Two-Layered Dynamic Key Management in Mobile and Long-Lived Cluster-Based Wireless Sensor Networks},
year={2007},
keywords={cryptographic protocols;mobile communication;wireless sensor networks;dynamic key management protocol;dynamic pair-wise key management;group key management protocols;key generation overhead;key material exchange;long-lived cluster-based wireless sensor networks;mobile networks;network security;secret sharing;secured data transmission overhead;two-layered dynamic key management;Communications Society;Computer network management;Cryptography;Data communication;Data security;Peer to peer computing;Performance analysis;Protocols;Resource management;Wireless sensor networks},
month={March},
pages={4145-4150},
doi={10.1109/WCNC.2007.757},
ISSN={1525-3511},}
@incollection{gggkgkkh,
year={2012},
isbn={978-3-642-35129-7},
booktitle={Information Systems Security},
volume={7671},
series={Lecture Notes in Computer Science},
editor={Venkatakrishnan, Venkat and Goswami, Diganta},
doi={10.1007/978-3-642-35130-3_14},
title={A Novel Key Update Protocol in Mobile Sensor Networks},
url={http://dx.doi.org/10.1007/978-3-642-35130-3_14},
publisher={Springer Berlin Heidelberg},
keywords={Wireless sensor networks; Mobility; Authentication; Key establishment; Node capture; Key control},
author={Agrawal, Sarita and Roman, Rodrigo and Das, ManikLal and Mathuria, Anish and Lopez, Javier},
pages={194-207},
language={English}
}
@INPROCEEDINGS{6061832,
author={Khan, S.U. and Pastrone, C. and Lavagno, L. and Spirito, M.A.},
booktitle={Risk and Security of Internet and Systems (CRiSIS), 2011 6th International Conference on},
title={An energy and memory-efficient key management scheme for mobile heterogeneous sensor networks},
year={2011},
month={Sept},
pages={1-8},
keywords={authorisation;cryptography;wireless sensor networks;OMNET++ simulations;WSN technology;building automation;e-health;energy-efficient key management scheme;home automation;industrial automation;infrastructure monitoring;key establishment scheme;key management schemes;memory-efficient key management scheme;mobile heterogeneous sensor networks;mobile nodes attacks;mobile sensor nodes;mutual authentication;network connectivity;network resilience;node mobility;resource constrained devices;safety critical applications;security attacks;wireless sensor network;Authentication;Manganese;Mobile communication;Mobile computing;Resilience;Wireless sensor networks;Fixed Nodes;Heterogeneous Sensor Networks;Mobile Nodes;Security},
doi={10.1109/CRiSIS.2011.6061832},}


@article{Zhang:2011:EED:1928796.1962414,
 author = {Zhang, Xing and He, Jingsha and Wei, Qian},
 title = {EDDK: Energy-efficient Distributed Deterministic Key Management for Wireless Sensor Networks},
 journal = {EURASIP J. Wirel. Commun. Netw.},
 issue_date = {January 2011},
 volume = {2011},
 month = jan,
 year = {2011},
 issn = {1687-1472},
 pages = {12:1--12:11},
 articleno = {12},
 numpages = {11},
 url = {http://dx.doi.org/10.1155/2011/765143},
 doi = {10.1155/2011/765143},
 acmid = {1962414},
 publisher = {Hindawi Publishing Corp.},
 address = {New York, NY, United States},
} 
@incollection{
year={2004},
isbn={978-3-540-22666-6},
booktitle={Cryptographic Hardware and Embedded Systems - CHES 2004},
volume={3156},
series={Lecture Notes in Computer Science},
editor={Joye, Marc and Quisquater, Jean-Jacques},
doi={10.1007/978-3-540-28632-5_9},
title={Comparing Elliptic Curve Cryptography and RSA on 8-bit CPUs},
url={http://dx.doi.org/10.1007/978-3-540-28632-5_9},
publisher={Springer Berlin Heidelberg},
keywords={Elliptic Curve Cryptography; RSA; modular multiplication; sensor networks},
author={Gura, Nils and Patel, Arun and Wander, Arvinderpal and Eberle, Hans and Shantz, SheuelingChang},
pages={119-132},
language={English}
}
@incollection{al2003certificateless,
  title={Certificateless public key cryptography},
  author={Al-Riyami, Sattam S and Paterson, Kenneth G},
  booktitle={Advances in Cryptology-ASIACRYPT 2003},
  pages={452--473},
  year={2003},
  publisher={Springer}
}
@article{seo2013elliptic,
  title={Elliptic curve cryptography based certificateless hybrid signcryption scheme without pairing},
  author={Seo, S and Bertino, Elisa},
  journal={CERIAS, West Lafayette, IN, USA, Tech. Rep. CERIAS TR},
  volume={10},
  pages={2013},
  year={2013}
}
@inproceedings{huang2003fast,
  title={Fast authenticated key establishment protocols for self-organizing sensor networks},
  author={Huang, Qiang and Cukier, Johnas and Kobayashi, Hisashi and Liu, Bede and Zhang, Jinyun},
  booktitle={Proceedings of the 2nd ACM international conference on Wireless sensor networks and applications},
  pages={141--150},
  year={2003},
  organization={ACM}
}
@article{rassam2012survey,
  title={A survey of intrusion detection schemes in wireless sensor networks},
  author={Rassam, Murad A and Maarof, MA and Zainal, Anazida and others},
  journal={American Journal of Applied Sciences},
  volume={9},
  number={10},
  pages={1636},
  year={2012}
}
@article{du2012efficient,
  title={An efficient key management scheme for wireless sensor networks},
  author={Du, Dahai and Xiong, Huagang and Wang, Hailiang},
  journal={International Journal of Distributed Sensor Networks},
  volume={2012},
  year={2012},
  publisher={Hindawi Publishing Corporation}
}
@article{goldreich1986construct,
  title={How to construct random functions},
  author={Goldreich, Oded and Goldwasser, Shafi and Micali, Silvio},
  journal={Journal of the ACM (JACM)},
  volume={33},
  number={4},
  pages={792--807},
  year={1986},
  publisher={ACM}
}
@article{nist,
  title={Responses to NIST's proposal},
  author={S. Vanstone},
  volume={35},
  number={7},
  pages={50--52},
  year={1992},
  publisher={CACM}
}
@article{zhang2006securing,
  title={Securing mobile ad hoc networks with certificateless public keys},
  author={Zhang, Yanchao and Liu, Wei and Lou, Wenjing and Fang, Yuguang},
  journal={Dependable and Secure Computing, IEEE Transactions on},
  volume={3},
  number={4},
  pages={386--399},
  year={2006},
  publisher={IEEE}
}
@ARTICLE{6975235,
author={Seung-Hyun Seo and Jongho Won and Sultana, S. and Bertino, E.},
journal={Information Forensics and Security, IEEE Transactions on},
title={Effective Key Management in Dynamic Wireless Sensor Networks},
year={2015},
volume={10},
number={2},
pages={371-383},
keywords={cryptographic protocols;telecommunication traffic;wireless sensor networks;Contiki OS;Cooja simulator;WSN;certificateless-effective key management protocol;dynamic wireless sensor networks;encryption key protocols;forward and backward key secrecy;key management;military sensing and tracking;node mobility;patient status monitoring;traffic flow monitoring;Encryption;Protocols;Public key;Vehicle dynamics;Wireless sensor networks;Wireless sensor networks;certificateless public key cryptography;key management scheme},
doi={10.1109/TIFS.2014.2375555},
ISSN={1556-6013},
month={Feb},}
@INPROCEEDINGS{4725240,
author={Marin-Perianu, R. and Hurink, J. and Hartel, P.},
booktitle={Parallel and Distributed Processing with Applications, 2008. ISPA '08. International Symposium on},
title={A Generalized Clustering Algorithm for Dynamic Wireless Sensor Networks},
year={2008},
pages={863-870},
keywords={wireless sensor networks;1-hop neighbourhood;disjoint cluster;dynamic wireless sensor network;generalized clustering algorithm;Algorithm design and analysis;Bandwidth;Clustering algorithms;Distributed processing;Heuristic algorithms;Mechanical factors;Network topology;Nominations and elections;Scalability;Wireless sensor networks;clustering algorithms;wireless sensor networks},
doi={10.1109/ISPA.2008.18},
month={Dec},}
@ARTICLE{1401839,
author={Paradiso, J.A. and Starner, T.},
journal={Pervasive Computing, IEEE},
title={Energy scavenging for mobile and wireless electronics},
year={2005},
volume={4},
number={1},
pages={18-27},
keywords={electric power generation;energy management systems;low-power electronics;mobile computing;renewable energy sources;thermoelectric conversion;wireless sensor networks;battery-powered electronics;energy harvesting;low-power electronics;mobile electronics;power management;renewable energy resources;sensor networks;water wheel;windmill;Analog-digital conversion;Battery management systems;Clocks;Design optimization;Energy management;Humans;Power system management;Renewable energy resources;Voltage;Wireless sensor networks;energy scavenging;human-powered systems;low-power electronics;parasitic power;power harvesting;ubiquitous computing sensors},
doi={10.1109/MPRV.2005.9},
ISSN={1536-1268},
month={Jan},}
@ARTICLE{1028874,
author={Goldsmith, A.J. and Wicker, S.B.},
journal={Wireless Communications, IEEE},
title={Design challenges for energy-constrained ad hoc wireless networks},
year={2002},
volume={9},
number={4},
pages={8-27},
keywords={access protocols;land mobile radio;multi-access systems;adaptive resource allocation;application design;application protocols;coding;cross-layer design;data networks;device networks;distributed control system;emerging application requirements;energy-constrained ad hoc wireless networks;fundamental capacity limits;home networks;link design issues;link protocols;medium access control;multiple access;multiple antennas;network design;network protocols;power control;sensor networks;wireless mobile nodes;Bit error rate;Cross layer design;Interference;Protocols;Routing;Signal to noise ratio;Spread spectrum communication;US Department of Defense;Vehicle dynamics;Wireless networks},
doi={10.1109/MWC.2002.1028874},
ISSN={1536-1284},
month={Aug},}



